\bibitem[Owens, 2006]{sqlitedefguide} 
Owens M. (2006) Sqlite. The Definitive Guide to SQLite, Berkeley, California, Apress. 

\bibitem[Hipp, 2000]{sqlite} 
Hipp R. (2000) Sqlite. On line publication, Wyrick  Company, Inc, https://www.sqlite.org/. Last Accessed 16th January 2016.
